% This file was created with JabRef 2.6.
% Encoding: UTF-8

% Reviews

@Article{ Lenard2011,
	author = "Lenard Lee, Shedon Cooper",
	title = "The Big Bang Theory",
	journal = "Internal Journal of Pythics",
	year = "2011",
	volume = "18",
	number = "3",
	pages = "265--298"
}

